@manual{mpi41,
    author = "{Message Passing Interface Forum}",
    title  = "{MPI}: A Message-Passing Interface Standard Version 4.1",
    url    = "https://www.mpi-forum.org/docs/mpi-4.1/mpi41-report.pdf",
    year   = 2023,
    month  = nov
}
